@article{ref2,    
    Author = {J. Walker },    
    Journal = {J Orthop Sports Phys Ther.},    
    Month = {Oct},    
    Number = {4},    
    Pages = {216-231},    
    Title = {Pathomechanics and classification of cartilage lesions, facilitation of repair.},    
    Volume = {28},    
    Year = {1998}
}

@article{ref1,    
    Author = {A. Vasarhelyi and T. Baumert and C. Fritsch and W.Hopfenm{\"u}ller and G. Gradl and T. Mittlmeier},    
    Journal = {Gait Posture},    
    Month = {Jan},    
    Number = {1},    
    Pages = {99-105},    
    Title = {Partial weight bearing after surgery for fractures of the lower extremity--is it achievable?},    
    Volume = {23},    
    Year = {2006}
}

@IEEEtranBSTCTL{IEEEexample:BSTcontrol,  
    CTLuse_forced_etal       = "yes",  
    CTLmax_names_forced_etal = "3",  
    CTLnames_show_etal       = "1"
}